<record><leader>00000cas a2200000 a 4500</leader><controlfield tag="001">8821120</controlfield><controlfield tag="008">820930d1839186uiluwn ne      0   a0eng  </controlfield><datafield ind1=" " ind2=" " tag="010"><subfield code="a">sn 82015552 </subfield></datafield><datafield ind1=" " ind2=" " tag="040"><subfield code="a">DLC</subfield><subfield code="b">eng</subfield><subfield code="c">DLC</subfield><subfield code="d">NPV</subfield><subfield code="d">NPX</subfield><subfield code="d">NVF</subfield><subfield code="d">MGN</subfield><subfield code="d">NVF</subfield><subfield code="d">CVF</subfield><subfield code="d">OCL</subfield><subfield code="d">NVF</subfield><subfield code="d">DLC</subfield><subfield code="d">NVF</subfield><subfield code="d">DLC</subfield><subfield code="d">NVF</subfield><subfield code="d">CGU</subfield><subfield code="d">NVF</subfield><subfield code="d">OCLCA</subfield><subfield code="d">OCLCF</subfield><subfield code="d">NVF</subfield><subfield code="d">OCLCO</subfield></datafield><datafield ind1="1" ind2=" " tag="029"><subfield code="a">AU@</subfield><subfield code="b">000002645980</subfield></datafield><datafield ind1=" " ind2=" " tag="042"><subfield code="a">pcc</subfield></datafield><datafield ind1=" " ind2=" " tag="043"><subfield code="a">n-us-il</subfield></datafield><datafield ind1="0" ind2="0" tag="050"><subfield code="a">Newspaper</subfield></datafield><datafield ind1="0" ind2=" " tag="130"><subfield code="a">Illinois State register (Springfield, Ill. : 1839)</subfield></datafield><datafield ind1="1" ind2="0" tag="245"><subfield code="a">Illinois State register.</subfield></datafield><datafield ind1="1" ind2="3" tag="246"><subfield code="a">Illinois register</subfield></datafield><datafield ind1="1" ind2=" " tag="246"><subfield code="i">Published as:</subfield><subfield code="a">Weekly Illinois State register</subfield><subfield code="f">May 6, 1852-&lt;Dec. 25, 1856&gt;</subfield></datafield><datafield ind1="1" ind2=" " tag="246"><subfield code="i">Semiweekly issues during the legislature published as:</subfield><subfield code="a">Legislative State register</subfield><subfield code="f">Dec. 1842-Jan. 1843</subfield></datafield><datafield ind1=" " ind2=" " tag="260"><subfield code="a">Springfield, Ill. :</subfield><subfield code="b">Walters &amp; Weber,</subfield><subfield code="c">1839-[186-?]</subfield></datafield><datafield ind1=" " ind2=" " tag="300"><subfield code="a">v. ;</subfield><subfield code="c">60 cm.</subfield></datafield><datafield ind1=" " ind2=" " tag="310"><subfield code="a">Weekly (Semiweekly during sessions of the legislature)</subfield></datafield><datafield ind1="0" ind2=" " tag="362"><subfield code="a">Vol. 4, no. 24 (Aug. 24, 1839)-</subfield></datafield><datafield ind1=" " ind2=" " tag="515"><subfield code="a">Issues for 1839-May 28, 1847 called also new ser., v. 1, no. 3-v. 8, no. 38.</subfield></datafield><datafield ind1=" " ind2=" " tag="530"><subfield code="a">Preservation microfilmed by the University of Illinois at Urbana-Champaign Library as part of the United States Newspaper Program; the years 1839-1856 (on 5 microfilm reels) are available for purchase from OCLC Preservation Service Centers.</subfield></datafield><datafield ind1=" " ind2=" " tag="580"><subfield code="a">Daily eds.: Daily register (Springfield, Ill.), 1849-1852, and: Illinois State register (Springfield, Ill. : 1852), 1852-1854, and: Daily Illinois State register, 1855-&lt;1861&gt;</subfield></datafield><datafield ind1=" " ind2=" " tag="580"><subfield code="a">Triweekly ed.: State register (Springfield, Ill.), 1847-&lt;1849&gt;</subfield></datafield><datafield ind1=" " ind2=" " tag="588"><subfield code="a">Latest issue consulted: Sept. 19, 1861.</subfield></datafield><datafield ind1="1" ind2="0" tag="610"><subfield code="a">Illinois.</subfield><subfield code="b">General Assembly</subfield><subfield code="v">Newspapers.</subfield></datafield><datafield ind1=" " ind2="0" tag="650"><subfield code="a">Legislative journals</subfield><subfield code="z">Illinois.</subfield></datafield><datafield ind1=" " ind2="0" tag="651"><subfield code="a">Illinois</subfield><subfield code="x">Politics and government</subfield><subfield code="v">Newspapers.</subfield></datafield><datafield ind1=" " ind2="7" tag="655"><subfield code="a">Newspapers.</subfield><subfield code="2">fast</subfield><subfield code="0">(OCoLC)fst01423814</subfield></datafield><datafield ind1="1" ind2=" " tag="700"><subfield code="a">Walters, William,</subfield><subfield code="d">-1846.</subfield></datafield><datafield ind1="1" ind2=" " tag="700"><subfield code="a">Weber, George Richard,</subfield><subfield code="d">1808-1893.</subfield></datafield><datafield ind1=" " ind2=" " tag="752"><subfield code="a">United States</subfield><subfield code="b">Illinois</subfield><subfield code="c">Sangamon</subfield><subfield code="d">Springfield.</subfield></datafield><datafield ind1="1" ind2=" " tag="775"><subfield code="t">Daily register (Springfield, Ill.)</subfield><subfield code="w">(DLC)sn 84038645</subfield><subfield code="w">(OCoLC)11411772</subfield></datafield><datafield ind1="1" ind2=" " tag="775"><subfield code="t">Illinois State register (Springfield, Ill. : 1852)</subfield><subfield code="w">(DLC)sn 90054090</subfield><subfield code="w">(OCoLC)21465499</subfield></datafield><datafield ind1="1" ind2=" " tag="775"><subfield code="t">Daily Illinois State register</subfield><subfield code="w">(DLC)sn 82015906</subfield><subfield code="w">(OCoLC)8820064</subfield></datafield><datafield ind1="1" ind2=" " tag="775"><subfield code="t">State register (Springfield, Ill.)</subfield><subfield code="w">(DLC)sn 84024166</subfield><subfield code="w">(OCoLC)10598265</subfield></datafield><datafield ind1="0" ind2="0" tag="780"><subfield code="t">Illinois State register and people's advocate</subfield><subfield code="w">(DLC)sn 82015562</subfield><subfield code="w">(OCoLC)8821522</subfield></datafield><datafield ind1="0" ind2="0" tag="785"><subfield code="t">Weekly Illinois State register (Springfield, Ill. : 1866)</subfield><subfield code="w">(DLC)sn 85034305</subfield><subfield code="w">(OCoLC)12646258</subfield></datafield></record>